@article{mikolov2013efficient,
	author    = {Tomas Mikolov and
	Kai Chen and
	Greg Corrado and
	Jeffrey Dean},
	title     = {Efficient Estimation of Word Representations in Vector Space},
	journal   = {CoRR},
	volume    = {abs/1301.3781},
	year      = {2013}
}

@inproceedings{le2014distributed,
  title={Distributed Representations of Sentences and Documents.},
  author={Le, Quoc V and Mikolov, Tomas},
  booktitle={ICML},
  volume={14},
  pages={1188--1196},
  year={2014}
}

@article{bernanke2005measuring,
	title={Measuring the effects of monetary policy: a factor-augmented vector autoregressive (FAVAR) approach},
	author={Bernanke, Ben S and Boivin, Jean and Eliasz, Piotr},
	journal={The Quarterly Journal of Economics},
	volume={120},
	number={1},
	pages={387--422},
	year={2005},
	publisher={Oxford University Press}
}

@article{stock2002forecasting,
	title={Forecasting using principal components from a large number of predictors},
	author={Stock, James H and Watson, Mark W},
	journal={Journal of the American statistical association},
	volume={97},
	number={460},
	pages={1167--1179},
	year={2002},
	publisher={Taylor \& Francis}
}

@article{stock2016factor,
	title={Factor models and structural vector autoregressions in macroeconomics},
	author={Stock, James H and Watson, Mark W},
	journal={forthcoming in the Handbook of Macroeconomics},
	year={2016}
}

@Article{gurkaynak2005actions,
	author={Refet S Gurkaynak and Brian Sack and Eric Swanson},
	title={{Do Actions Speak Louder Than Words? The Response of Asset Prices to Monetary Policy Actions and Statements}},
	journal={International Journal of Central Banking},
	year=2005,
	volume={1},
	number={1},
	month={May}
}

@article{campbell2012macroeconomic,
	title={Macroeconomic effects of Federal Reserve forward guidance},
	author={Campbell, Jeffrey R and Evans, Charles L and Fisher, Jonas DM and Justiniano, Alejandro},
	journal={Brookings Papers on Economic Activity},
	volume={2012},
	number={1},
	pages={1--80},
	year={2012},
	publisher={Brookings Institution Press}
}

@article{rumelhart1986learning,
	title={Learning representations by back-propagating errors},
	author={Rumelhart, David E, Hinton, Geoffrey E, and Williams, Ronald J},
	journal={Nature},
	volume={323},
	number={6088},
	pages={533--538},
	year={1986}
}

@TechReport{gunn2015news,
	author={Nadav Ben Zeev and Christopher M. Gunn and Hashmat Khan},
	title={{Monetary News Shocks}},
	year=2015,
	month=Mar,
	institution={Carleton University, Department of Economics},
	type={Carleton Economic Papers},
	number={15-02}
}

@online{wsjtracker,
	author = {WSJNewsGraphics},
	title = {Fed Statement Tracker},
	url = {http://graphics.wsj.com/fed-statement-tracker/},
	urldate = {2017-03-10}
}

@online{cmefutures,
	author = {CME{\ }Group},
	title = {30-Day Federal Funds Futures and Options},
	url = {https://www.cmegroup.com/trading/interest-rates/files/IR-143_30_Day_Fed_Funds_Futures_and_Options_Fact_Card.pdf},
	urldate = {2017-03-10}
}
